@String(PAMI = {IEEE Trans. Pattern Anal. Mach. Intell.})
@String(IJCV = {Int. J. Comput. Vis.})
@String(CVPR= {IEEE Conf. Comput. Vis. Pattern Recog.})
@String(ICCV= {Int. Conf. Comput. Vis.})
@String(ECCV= {Eur. Conf. Comput. Vis.})
@String(NIPS= {Adv. Neural Inform. Process. Syst.})
@String(ICPR = {Int. Conf. Pattern Recog.})
@String(BMVC= {Brit. Mach. Vis. Conf.})
@String(TOG= {ACM Trans. Graph.})
@String(TIP  = {IEEE Trans. Image Process.})
@String(TVCG  = {IEEE Trans. Vis. Comput. Graph.})
@String(TMM  = {IEEE Trans. Multimedia})
@String(ACMMM= {ACM Int. Conf. Multimedia})
@String(ICME = {Int. Conf. Multimedia and Expo})
@String(ICASSP=	{ICASSP})
@String(ICIP = {IEEE Int. Conf. Image Process.})
@String(ACCV  = {ACCV})
@String(ICLR = {Int. Conf. Learn. Represent.})
@String(IJCAI = {IJCAI})
@String(PR   = {Pattern Recognition})
@String(AAAI = {AAAI})
@String(CVPRW= {IEEE Conf. Comput. Vis. Pattern Recog. Worksh.})
@String(CSVT = {IEEE Trans. Circuit Syst. Video Technol.})

@String(SPL	= {IEEE Sign. Process. Letters})
@String(VR   = {Vis. Res.})
@String(JOV	 = {J. Vis.})
@String(TVC  = {The Vis. Comput.})
@String(JCST  = {J. Comput. Sci. Tech.})
@String(CGF  = {Comput. Graph. Forum})
@String(CVM = {Computational Visual Media})


@String(PAMI  = {IEEE TPAMI})
@String(IJCV  = {IJCV})
@String(CVPR  = {CVPR})
@String(ICCV  = {ICCV})
@String(ECCV  = {ECCV})
@String(NIPS  = {NeurIPS})
@String(ICPR  = {ICPR})
@String(BMVC  =	{BMVC})
@String(TOG   = {ACM TOG})
@String(TIP   = {IEEE TIP})
@String(TVCG  = {IEEE TVCG})
@String(TCSVT = {IEEE TCSVT})
@String(TMM   =	{IEEE TMM})
@String(ACMMM = {ACM MM})
@String(ICME  =	{ICME})
@String(ICASSP=	{ICASSP})
@String(ICIP  = {ICIP})
@String(ACCV  = {ACCV})
@String(ICLR  = {ICLR})
@String(IJCAI = {IJCAI})
@String(PR = {PR})
@String(AAAI = {AAAI})
@String(CVPRW= {CVPRW})
@String(CSVT = {IEEE TCSVT})


@article{Article1,
author = {Podpora, Michal and Korba´s, Grzegorz and Kawala-Janik, Aleksandra},
year = 2014,
month = {09},
pages = {},
title = {YUV vs RGB – Choosing a Color Space for Human-Machine Interaction},
volume = {Vol. 3},
journal = {Annals of Computer Science and Information Systems},
doi = {10.15439/2014F206}
}

@incollection{Article2,
title = {YUV and luminance considered harmful},
author = {Charles Poynton},
booktitle = {Digital Video and HDTV},
publisher = {Morgan Kaufmann},
address = {San Francisco},
pages = {595-600},
year = {2003},
series = {The Morgan Kaufmann Series in Computer Graphics},
isbn = {978-1-55860-792-7},
doi = {https://doi.org/10.1016/B978-155860792-7/50117-8},
url = {https://www.sciencedirect.com/science/article/pii/B9781558607927501178}
}

 @misc{Article3,
 title={YCbCr}, 
 url={https://en.wikipedia.org/wiki/YCbCr#ITU-R_BT.601_conversion}, 
 author={Wikipedia},
 journal={Wikipedia}, 
 publisher={Wikimedia Foundation}, 
 year={2023}, 
 month={Jan}
 } 

 @article{Article4,
author = {Kasson, James M. and Plouffe, Wil},
title = {An Analysis of Selected Computer Interchange Color Spaces},
year = {1992},
issue_date = {Oct. 1992},
publisher = {Association for Computing Machinery},
address = {New York, NY, USA},
volume = {11},
number = {4},
issn = {0730-0301},
url = {https://doi.org/10.1145/146443.146479},
doi = {10.1145/146443.146479},
month = {oct},
pages = {373–405},
numpages = {33},
journal={ACM Transactions on Graphics}
}

@inproceedings{Article5,
  author={Lu Fang and Au, Oscar C. and Yang, Yi and Weiran Tang and Xing Wen},
  booktitle={2009 IEEE International Symposium on Circuits and Systems (ISCAS)}, 
  title={A new adaptive subpixel-based downsampling scheme using edge detection}, 
  year={2009},
  volume={},
  number={},
  pages={3194-3197},
  doi={10.1109/ISCAS.2009.5118482}}
